<record><leader>00000cas a22000007a 4500</leader><controlfield tag="001">15127762</controlfield><controlfield tag="008">870129c19459999txuwr ne      0   a0eng c</controlfield><datafield ind1=" " ind2=" " tag="010"><subfield code="a">sn 86090627 </subfield></datafield><datafield ind1=" " ind2=" " tag="040"><subfield code="a">PPM</subfield><subfield code="b">eng</subfield><subfield code="c">PPM</subfield><subfield code="d">NSD</subfield><subfield code="d">OCLCQ</subfield></datafield><datafield ind1=" " ind2=" " tag="012"><subfield code="m">1</subfield></datafield><datafield ind1="1" ind2=" " tag="022"><subfield code="a">1087-9994</subfield><subfield code="l">1087-9994</subfield><subfield code="2">1</subfield></datafield><datafield ind1=" " ind2=" " tag="032"><subfield code="a">136760</subfield><subfield code="b">USPS</subfield></datafield><datafield ind1=" " ind2=" " tag="042"><subfield code="a">pcc</subfield><subfield code="a">nsdp</subfield></datafield><datafield ind1="0" ind2=" " tag="130"><subfield code="a">Crane news (Crane, Tex. : 1945)</subfield></datafield><datafield ind1=" " ind2="4" tag="222"><subfield code="a">The Crane news</subfield><subfield code="b">(Crane, Tex. : 1945)</subfield></datafield><datafield ind1="1" ind2="4" tag="245"><subfield code="a">The Crane news.</subfield></datafield><datafield ind1=" " ind2=" " tag="260"><subfield code="a">Crane, Tex. :</subfield><subfield code="b">James &amp; C.C. Carll</subfield></datafield><datafield ind1=" " ind2=" " tag="310"><subfield code="a">Weekly</subfield></datafield><datafield ind1="1" ind2=" " tag="362"><subfield code="a">Began in 1945?</subfield></datafield><datafield ind1=" " ind2=" " tag="588"><subfield code="a">Description based on: Vol. 1, no. 6 (Feb. 1, 1946).</subfield></datafield><datafield ind1=" " ind2=" " tag="588"><subfield code="a">Latest issue consulted: Vol. 51, no. 8 (Feb. 22, 1996).</subfield></datafield><datafield ind1=" " ind2=" " tag="752"><subfield code="a">United States</subfield><subfield code="b">Texas</subfield><subfield code="c">Crane</subfield><subfield code="d">Crane.</subfield></datafield><datafield ind1="0" ind2="5" tag="780"><subfield code="t">McCamey tri-county record</subfield></datafield><datafield ind1="0" ind2="5" tag="780"><subfield code="t">McCamey leader</subfield></datafield></record>